@BOOK{ceska,
  title = {Petriho {S}ítě},
  publisher = {Akademické nakladatelství CERM Brno},
  year = {1994},
  author = {ČEŠKA Milan},
  abstract = {Učebnice Petriho sítí. Obsahuje definici PS, rozebírá
    základní problémy analýzy PS, invarianty, jazyky PS. Nezabývá se
    stochastickými, barvenými PS, ani dalšími rozšířeními. Končí
    u PT Petriho sítí s inhibitory.},
  isbn = {80-85867-35-4},
  owner = {David Martinek},
}

@unpublished{sem_1,
  title = {Založení společnosti s ručením omezeným},
  author = {HAŠA Matěj, CHRUBASÍK Vít},
  month = 4,
  year = 2019,
  note = {Odevzdáno}
}

@unpublished{sem_2,
  title = {Svolaní valné hromady},
  author = {HAŠA Matěj, CHRUBASÍK Vít},
  month = 4,
  year = 2019,
  note = {Odevzdáno}
}

@article{zakon_obchodni_korporace,
  title = {Zákon č. 90/2012 Sb., o obchodních společnostech a družstvech (zákon o obchodních korporacích)},
  journal = {Sbírka zákonů},
  year = 2012
}

@article{danovy_rad,
  title = {Zákon č. 280/2009 Sb., daňový řád},
  journal = {Sbírka zákonů},
  year = 2009
}

@article{zakon_dph,
  title = {Zákon č. 235/2004 Sb., o dani z přidané hodnoty},
  journal = {Sbírka zákonů},
  year = 2004
}
@article{zakon_zivnostensky,
  title = {Zákon č. 455/1991 Sb., o živnostenském podnikání (živnostenský zákon)},
  journal = {Sbírka zákonů},
  year = 1991

}



@MISC{spolecenska_smlouva,
  title = {Společenská smlouva},
  note = {příloha (dostupná k nahlédnutí)}
}
@MISC{sidlo_souhlas,
  title = {Souhlas s umístěním sídla společnosti},
  note = {příloha (dostupná k nahlédnutí)}
}
@MISC{spravcevkladu_prohlaseni,
  title = {Prohlášení správce vkladů},
  note = {příloha (dostupná k nahlédnutí)}
}
@MISC{jrfpo,
  title = {Jednotný registrační formulář pro právnické osoby},
  note = {příloha (dostupná k nahlédnutí)}
}
@MISC{zivnostenske_opravneni,
  title = {Živnostenské oprávnění},
  note = {příloha}
}
@MISC{prihlaska_dppo,
  title = {Přihláška k registraci k dani z příjmů právnických osob},
  note = {příloha (dostupná k nahlédnutí)}
}
@MISC{prihlaska_nahlizeni_danova_evidence,
  title = {Přihláška k nahlížení do daňové informační schránky},
  note = {příloha (dostupná k nahlédnutí)}
}
@MISC{seznam_spolecniku,
  title = {Seznam společníků},
  note = {příloha (dostupná k nahlédnutí)}
}
@MISC{evidence_majitelu,
  title = {Návrh na zápis do evidence skutečných majitelů},
  note = {příloha (dosutpná k nahlédnutí)}
}
@MISC{zmenovy_list,
  title = {Změnový list},
  note = {příloha (dostupná k nahlédnutí)}
}
@MISC{oznameni_zmena_reg,
  title = {Oznámení o změně registračních údajů},
  note = {příloha (dostupná k nahlédnutí)}
}
@MISC{banka_smlouva,
  title = {Komerční Banka - Smlouva o zřízení a vedení účtu},
  note = {příloha}
}
@MISC{banka_vypis_ucet,
  title = {Komerční Banka - výpis z účtu},
  note = {příloha}
}
@MISC{cestna_prohlaseni_jednatelu,
  title = {Čestná prohlášení jednatelů},
  note = {příloha (dosutpná k nahlédnutí)}
}
@MISC{vypis_katastr,
  title = {Výpis z katastru nemovitostí},
  note = {příloha}
}
@MISS{navrh_zapis_or,
  title = {Návrh na zápis do obchodního rejstříku},
  note = {příloha (dosutpná k nahlédnutí)}
}
% citace k 2. seminarni praci - valna hromada s.r.o.
@MISS{listina_pritomnych,
  title = {Listina přítomných},
  note = {příloha (dosutpná k nahlédnutí)}
}
@MISS{pozvanka,
  title = {Pozvánka na mimořádnou valnou hromadu},
  note = {příloha (dosutpná k nahlédnutí)}
}
@MISS{zapis,
  title = {Zápis z valné hromady},
  note = {příloha (dosutpná k nahlédnutí)}
}
@MISC{cestne_prohlaseni_jednatele,
  title = {Čestné prohlášení jednatele},
  note = {příloha (dosutpná k nahlédnutí)}
}
@MISC{navrh_zmena_or,
  title = {Návrh na zápis změny do obchodního rejstříku},
  note = {příloha (dosutpná k nahlédnutí)}
}
@MISC{prihlaska_registrace,
  title = {Přihláška k registraci pro právnické osoby},
  note = {příloha (dosutpná k nahlédnutí)}
}
@MISC{GPL,
  author = {Free Software Foundation},
  title = {GNU General Public License},
  howpublished = {web:~https://www.gnu.org/licenses/gpl-3.0.en.html},
  month = 6,
  year = 2007,
}
@MISC{material_design,
  author = {Google Inc.},
  title = {Material Design},
  howpublished = {web:~https://material.io/design/}
}
@MISC{GDPR,
  author = {Eropean Parliament},
  title = {General Data Protection Regulation (GDPR)},
  howpublished = {web:~https://eugdpr.org/}
}

% prilohy k malemu a strednimu podnikani
@MISC{ms_vzaz,
  title = {Výkaz zisku a ztráty},
  note = {Příloha (dostupná k nahlédnutí)},
}
@MISC{ms_cf,
  title = {Výkaz cash-flow},
  note = {Příloha (dostupná k nahlédnutí)},
}
@MISC{ms_rozvaha,
  title = {Rozvaha},
  note = {Příloha (dostupná k nahlédnutí)},
}
@MISC{ms_gantt,
  title = {Ganttův diagram},
  note = {Příloha (dostupná k nahlédnutí)},
}

